% Encoding: UTF-8

@book{tettelin2020,
  title={The pangenome: Diversity, dynamics and evolution of genomes},
  author={Tettelin, Herv{\'e} and Medini, Duccio},
  year={2020},
  publisher={Springer Nature}
}


@article{Oliveira2020,
  title={Primary Prophylaxis to Prevent Tuberculosis Infection in Prison Inmates: A Randomized, Double-Blind, Placebo-Controlled Trial},
  author={de Oliveira, Roberto Dias and da Silva Santos, Andrea and Reis, Cassia Barbosa and de C{\'a}ssia Leite, Alessandra and Sacchi, Fl{\'a}via Patussi Correia and de Araujo, Rafaele Carla Pivetta and Dos Santos, Paulo C{\'e}sar Pereira and Rolla, Valeria Cavalcanti and Martinez, Leonardo and Andrews, Jason and others},
  journal={The American Journal of Tropical Medicine and Hygiene},
  volume={103},
  number={4},
  pages={1466--1472},
  year={2020},
  publisher={ASTMH}
}